<?xml version="1.0" encoding="UTF-8"?><collection xmlns="http://www.loc.gov/MARC21/slim"><record><leader>00375nam--2200133-i-4500</leader><controlfield tag="001">000018481</controlfield><controlfield tag="002">20161230</controlfield><controlfield tag="005">20161230201032</controlfield><controlfield tag="008">060222s1000------------r-----000-0-eng-d</controlfield><datafield ind1=" " ind2=" " tag="080"><subfield code="a">66:030.3</subfield></datafield><datafield ind1=" " ind2=" " tag="245"><subfield code="a">Ullmanns encyclopadie der technischen chemie. dritte,vollig neu gestaltete auflage</subfield></datafield><datafield ind1=" " ind2=" " tag="260"><subfield code="a">Munchen, Urban &amp; Schwarzenberg, 1951-</subfield></datafield><datafield ind1=" " ind2=" " tag="700"><subfield code="a">Foerst, W</subfield></datafield><datafield ind1=" " ind2=" " tag="852"><subfield code="a">D.238</subfield></datafield></record></collection>